@online{floydGeneric,
  title = {Generalized Floyd–Warshall algorithm},
  date  = {2022},
  url   = {https://fr.wikipedia.org/wiki/Probl%C3%A8me_de_plus_court_chemin#Algorithme_de_Floyd-Warshall_g%C3%A9n%C3%A9ralis%C3%A9}
}

@online{floydalgo,
  title = {Floyd–Warshall algorithm},
  date  = {2022},
  url   = {https://en.wikipedia.org/wiki/Floyd%E2%80%93Warshall_algorithm}
}

@book{floyd,
  author = {Robert W. Floyd},
  date   = {1959},
  title  = {Algorithm 97}
}

@book{warshall,
  author = {Stephen Warshall},
  date   = {1962},
  title  = {A Theorem on Boolean Matrices}
}

@report{mostafa22,
  author      = {Mostafa Haghir Chehreghani},
  title       = {Effectively Counting s-t Simple Paths in Directed Graphs},
  type        = {Report},
  institution = {Teheran Polytechnic},
  year        = {2022}
}

@online{cpweb,
  title = {Number of paths of fixed length / Shortest paths of fixed length},
  date  = {2022-06-08},
  url   = {https://cp-algorithms.com/graph/fixed_length_paths.html}
}

@book{ulman,
  author    = {Alfred V. Aho, John E. Hopcroft et Jeffrey D. Ullman},
  date      = {1974-01-11},
  title     = {The Design and Analysis of Computer Algorithms},
  isbn      = {978-0-201-00029-0},
  publisher = {Addison-Wesley},
  pages     = {195-206}
}