@online{floydWPold,
  title = {Generalized Floyd–Warshall algorithm},
  date  = {2022},
  url   = {https://fr.wikipedia.org/wiki/Problème_de_plus_court_chemin#Algorithme_de_Floyd-Warshall_généralisé}
}

@report{mostafa22,
  author      = {Mostafa Haghir Chehreghani},
  title       = {Effectively Counting s-t Simple Paths in Directed Graphs},
  type        = {Report},
  institution = {Teheran Polytechnic},
  year        = {2022}
}
